@inproceedings{sprague2016modelling,
  title={Modelling and Simulation of Autonomous CubeSats for Orbital Debris Mitigation},
  author={Sprague, Christopher Iliffe},
  booktitle={6th International Conference on Astrodynamics Tools and Techniques},
  year={2016},
  organization={European Space Agency}
}

@phdthesis{sprague2017towards,
  title={Towards intelligent trajectory optimisation in astrodynamics},
  author={Sprague, Christopher Iliffe},
  year={2017},
  school={Rensselaer Polytechnic Institute}
}

@incollection{izzo2019machine,
  title={Machine learning and evolutionary techniques in interplanetary trajectory design},
  author={Izzo, Dario and Sprague, Christopher Iliffe and Tailor, Dharmesh Vijay},
  booktitle={Modeling and Optimization in Space Engineering},
  pages={191--210},
  year={2019},
  publisher={Springer, Cham}
}

@article{sprague2018adding,
  title={Adding neural network controllers to behavior trees without destroying performance guarantees},
  author={Sprague, Christopher Iliffe and {\"O}gren, Petter},
  journal={arXiv preprint arXiv:1809.10283},
  year={2018}
}

@inproceedings{sprague2018improving,
  title={Improving the modularity of auv control systems using behaviour trees},
  author={Sprague, Christopher Iliffe and {\"O}zkahraman, {\"O}zer and Munafo, Andrea and Marlow, Rachel and Phillips, Alexander and {\"O}gren, Petter},
  booktitle={2018 IEEE/OES Autonomous Underwater Vehicle Workshop (AUV)},
  pages={1--6},
  year={2018},
  organization={IEEE}
}

@article{torroba2020pointnetkl,
  title={PointNetKL: Deep Inference for GICP Covariance Estimation in Bathymetric SLAM},
  author={Torroba, Ignacio and Sprague, Christopher Iliffe and Bore, Nils and Folkesson, John},
  journal={IEEE Robotics and Automation Letters},
  volume={5},
  number={3},
  pages={4078--4085},
  year={2020},
  publisher={IEEE}
}

@inproceedings{bhat2020cyber,
  title={A cyber-physical system for hydrobatic auvs: system integration and field demonstration},
  author={Bhat, Sriharsha and Torroba, Ignacio and {\"O}zkahraman, {\"O}zer and Bore, Nils and Sprague, Christopher Iliffe and Xie, Yiping and Stenius, Ivan and Severholt, Josefine and Ljung, Carl and Folkesson, John and others},
  booktitle={2020 IEEE/OES Autonomous Underwater Vehicles Symposium (AUV)(50043)},
  pages={1--8},
  year={2020},
  organization={IEEE}
}

@inproceedings{sprague2020learning,
  title={Learning How to Learn Bathymetry},
  author={Sprague, Christopher Iliffe and {\"O}gren, Petter},
  booktitle={2020 IEEE/OES Autonomous Underwater Vehicles Symposium (AUV)(50043)},
  pages={1--2},
  year={2020},
  organization={IEEE}
}

@inproceedings{sprague2020learning,
  title={Learning Dynamic-Objective Policies from a Class of Optimal Trajectories},
  author={Sprague, Christopher Iliffe and Izzo, Dario and {\"O}gren, Petter},
  booktitle={2020 59th IEEE Conference on Decision and Control (CDC)},
  pages={597--602},
  year={2020},
  organization={IEEE}
}

@article{sprague2021continuous,
  title={Continuous-time behavior trees as discontinuous dynamical systems},
  author={Sprague, Christopher I and {\"O}gren, Petter},
  journal={IEEE Control Systems Letters},
  year={2021},
  publisher={IEEE}
}

@article{ogren2021behavior,
  title={Behavior Trees in Robot Control Systems},
  author={{\"O}gren, Petter and Sprague, Christopher I},
  journal={Annual Review of Control, Robotics, and Autonomous Systems},
  volume={5},
  year={2021},
  publisher={Annual Reviews}
}
